@Book{qr,
  Title                    = {Numerical Linear Algebra},
  Author                   = {Lloyd N.Trefeethen and David Bau},
  Publisher                = {Society for Industrial and Applied Mathematics},
  Year                     = {1997},
  Address                  = {OXford University}
}
@Book{caho,
  Title                    = {Accelerating the Arnoldi Iteration - Theory and Practice},
  Author                   = {Chao Yang},
  Year                     = {1998},
  Address                  = {RICE University}
}

@Book{1,
  Title                    = {Numerical Optimization},
  Author                   = {Jorge Nocedal and Stephen J. Wright},
  Publisher                = {Springer},
  Year                     = {2006},

  Address                  = {New York, NY, USA},
  Edition                  = {second}
}

@book{golub13,
  added-at = {2014-06-23T11:34:50.000+0200},
  author = {Golub, Gene H. and van Loan, Charles F.},
  biburl = {https://www.bibsonomy.org/bibtex/2b9e78e06f69f858cbc968e62c71bb0ef/ytyoun},
  edition = {Fourth},
  interhash = {a6e3f89a44ff7ccc942c17c894a0dab5},
  intrahash = {b9e78e06f69f858cbc968e62c71bb0ef},
  isbn = {1421407949 9781421407944},
  keywords = {GvL cauchy circulant courant-fischer determinant dft eigenvalues interlacing linear.algebra matrix pseudoinverse textbook},
  publisher = {JHU Press},
  refid = {824733531},
  timestamp = {2017-08-18T08:02:54.000+0200},
  title = {Matrix Computations},
  url = {http://www.cs.cornell.edu/cv/GVL4/golubandvanloan.htm},
  year = 2013
}


@book{2,
  added-at = {2016-10-21T03:01:06.000+0200},
  author = {Demmel, James W.},
  biburl = {https://www.bibsonomy.org/bibtex/2e173b16b7e9211fdff422d592920739c/ytyoun},
  doi = {10.1137/1.9781611971446},
  interhash = {14289df57fa476cd6c2092037ceeee57},
  intrahash = {e173b16b7e9211fdff422d592920739c},
  keywords = {courant-fischer eigenvalues linear.algebra matrix numerical.analysis textbook},
  month = jan,
  publisher = {SIAM},
  timestamp = {2016-10-21T03:01:06.000+0200},
  title = {Applied Numerical Linear Algebra},
  year = 1997
}

@Book{1,
  Title                    = {Numerical Optimization},
  Author                   = {Jorge Nocedal and Stephen J. Wright},
  Publisher                = {Springer},
  Year                     = {2006},
  Address                  = {New York, NY, USA},
  Edition                  = {second}
}

@article{LiFukushimaB,
title = {A modified BFGS method and its global convergence in nonconvex minimization},
journal = {Journal of Computational and Applied Mathematics},
volume = {129},
number = {1},
pages = {15-35},
year = {2001},
note = {Nonlinear Programming and Variational Inequalities},
issn = {0377-0427},
doi = {https://doi.org/10.1016/S0377-0427(00)00540-9},
url = {https://www.sciencedirect.com/science/article/pii/S0377042700005409},
author = {Dong-Hui Li and Masao Fukushima},
keywords = {BFGS method, Global convergence, Superlinear convergence, Nonconvex minimization}
}

@article{LiFukushimaA,
author = {Li, Dong-hui and Fukushima, Masao},
year = {2000},
month = {05},
pages = {},
title = {On the Global Convergence of BFGS Method for Nonconvex Unconstrained Optimization Problems},
volume = {11},
journal = {SIAM Journal on Optimization},
doi = {10.1137/S1052623499354242}
}

@article{Dai,
author = {Dai, Yu-Hong},
year = {2002},
month = {01},
pages = {693-701},
title = {Convergence Properties of the BFGS Algoritm},
volume = {13},
journal = {SIAM Journal on Optimization},
doi = {10.1137/S1052623401383455}
}

@article{Mascarenhas,
  title={The BFGS method with exact line searches fails for non-convex objective functions},
  author={Walter F. Mascarenhas},
  journal={Mathematical Programming},
  year={2004},
  volume={99},
  pages={49-61}
}

@article{Yuan,
title = {The global convergence of a modified BFGS method for nonconvex functions},
journal = {Journal of Computational and Applied Mathematics},
volume = {327},
pages = {274-294},
year = {2018},
issn = {0377-0427},
doi = {https://doi.org/10.1016/j.cam.2017.05.030},
url = {https://www.sciencedirect.com/science/article/pii/S0377042717302753},
author = {Gonglin Yuan and Zhou Sheng and Bopeng Wang and Wujie Hu and Chunnian Li},
keywords = {Optimization, BFGS method, Global convergence, Wolfe line search}
}

@article{LiLuFeng,
author = {Li, Pengyuan and Lu, Junyu and Feng, Haishan},
year = {2021},
month = {05},
pages = {1-9},
title = {The Global Convergence of a Modified BFGS Method under Inexact Line Search for Nonconvex Functions},
volume = {2021},
journal = {Mathematical Problems in Engineering},
doi = {10.1155/2021/8342536}
}


@inproceedings{Powell,
author = {Powell, M},
year = {1976},
month = {01},
pages = {53-72},
title = {Some Global Convergence Properties of a Variable Metric Algorithm for Minimization without Exact Line Searches},
volume = {9},
journal = {Nonlinear Programming, SIAM-AMS Proceedings}
}
